<?xml version="1.0" encoding="UTF-8"?><collection xmlns="http://www.loc.gov/MARC21/slim"><record><leader>00494nam--2200193-i-4500</leader><controlfield tag="001">000017937</controlfield><controlfield tag="002">20161230</controlfield><controlfield tag="005">20161230201032</controlfield><controlfield tag="008">060222s1000------------r-----000-0-FRE-d</controlfield><datafield ind1=" " ind2=" " tag="040"><subfield code="a">IFIN-HH</subfield></datafield><datafield ind1=" " ind2=" " tag="041"><subfield code="a">FRE</subfield></datafield><datafield ind1=" " ind2=" " tag="080"><subfield code="a">519.2</subfield></datafield><datafield ind1=" " ind2="1" tag="100"><subfield code="a">Fortet, Robert</subfield></datafield><datafield ind1="1" ind2="0" tag="245"><subfield code="a">Calcul des probabilite</subfield><subfield code="c">Robert foetet</subfield></datafield><datafield ind1=" " ind2=" " tag="260"><subfield code="a">Paris, Cnrs, 1950</subfield></datafield><datafield ind1=" " ind2=" " tag="300"><subfield code="a">330 P</subfield></datafield><datafield ind1=" " ind2=" " tag="490"><subfield code="a">Serie A. Application Des Theories Mathematiques</subfield><subfield code="v">vol.I</subfield></datafield><datafield ind1=" " ind2=" " tag="852"><subfield code="a">11839</subfield><subfield code="c">519.2</subfield></datafield><datafield ind1=" " ind2=" " tag="CAT"><subfield code="a">Sys</subfield><subfield code="c">20100517</subfield><subfield code="h">110526</subfield></datafield></record></collection>